2992 3538
220 275 345 320 mue
371 266 571 324 duitas
573 275 682 312 esse
701 268 753 310 in
778 264 980 313 alierum
1007 226 1301 329 opinionibus
1328 265 1597 320 refutandis,
1633 281 1744 327 quas
1773 283 1878 315 oum
1906 272 2007 336 alii,
2044 281 2147 319 tum
2173 275 2468 324 Hermannus

218 340 484 386 §eutis'dme
507 339 819 394 mgnum,
851 338 994 393 ipsius
1029 336 1170 381 modo
1198 337 1457 380 Hermanni
1492 341 1719 381 rationem
1754 354 2009 398 proponam
2045 354 2092 389 et
2126 361 2317 405 operam
2351 351 2468 395 dabo

217 418 276 457 ut
286 409 527 455 liborum
553 408 829 480 scripturam
854 403 1033 453 λύουσα
1058 429 1114 441 -
1141 403 1399 452 θάπτουσα
1426 415 1585 453 eontra
1613 422 1723 453 enm
1750 409 1994 460 delendam
2022 423 2068 479 et
2097 416 2341 474 explicem.

378 509 383 513 ’
442 521 690 582 veriorem
718 521 855 565 huius
874 520 969 566 loci
997 488 1349 580 explicationem
1379 536 1433 566 eo
1462 523 1661 568 arbitror
1689 537 1788 568 esse
1807 491 2087 584 impeditam,
2117 531 2244 590 quod
2270 509 2374 592 poet
2387 547 2469 579 ve-

214 598 363 651 mm
388 595 689 656 interpretem
716 591 927 657 plerique
953 605 1110 636 omnes
1137 588 1311 636 λύουσα
1338 591 1395 636 de
1423 591 1528 652 lege
1555 592 1774 639 solvenda
1796 595 1869 642 vel
1892 599 2099 644 violanda
2122 602 2469 657 intellexerunt,

218 662 345 721 quod
381 661 512 706 nullo
547 662 687 706 mode
724 660 828 706 fieri
866 676 1023 720 posse,
1066 664 1157 706 nisi
1194 659 1414 707 additum.
1436 671 1555 707 esset
1592 677 1766 709 nomen
1795 666 1931 721 illud,
1974 667 2128 714 docuit
2154 671 2469 718 Hermannus.

152 734 157 737 ’
217 731 338 787 ,-,ΙΙΙο
367 735 560 777 nomine
583 731 752 790 (legis),
795 734 860 774 ita
894 745 1034 789 porro
1062 731 1141 785 H.,
1183 746 1279 775 non
1314 732 1489 774 adiecto
1527 747 1621 775 non
1657 741 1809 792 potest
1843 735 1935 779 hoo
1967 739 2156 782 verbum
2191 756 2288 786 non
2323 744 2381 787 ad
2417 757 2470 801 ea

218 800 435 857 „resen-i,
464 801 522 845 de
551 802 716 862 quibus
744 815 898 846 sermo
927 809 1008 845 est.
1064 801 1116 845 Id
1154 800 1249 844 hic
1269 805 1528 846 continetur
1563 802 1734 856 verbis,
1780 799 1824 846 εἰ
1856 802 1957 849 τάδ’
1994 807 2040 850 ἐν
2077 806 2255 865 τούτοις
2290 816 2322 859 ι.
2351 829 2391 859 e.
2419 816 2471 857 in

143 917 145 919 ,
219 880 499 933 „praesente
518 886 681 936 reruni
709 878 840 920 statu.
895 869 1038 921 Hune
1066 867 1268 929 solvere,
1305 873 1418 931 quid
1452 880 1521 917 est
1556 873 1709 930 aliud²
1736 888 1824 933 pro
1852 874 2058 923 Ismenae
2085 882 2293 938 ingenio,
2331 897 2473 942 qnam

218 942 507 1004 „Creontem
533 942 591 985 ad
619 945 853 987 mitiorem
880 945 1156 996 sententiam
1184 941 1439 998 adducere?
1449 947 1478 968 “
1531 942 1639 985 Jam
1676 957 1782 987 cum
1812 941 2038 1002 ἕφάπτειν
2074 950 2273 1005 explicet
2308 966 2471 995 accen-

149 1050 155 1054 .
221 1011 345 1064 dere,
374 1020 428 1058 et
446 1007 476 1064 ἢ
506 1013 752 1065 contendat
778 1025 877 1056 non
903 1027 1001 1055 esse
1027 1010 1114 1065 vel,
1144 1012 1225 1055 sed
1254 1028 1414 1070 quam,
1437 1016 1504 1057 ita
1530 1022 1685 1058 censet
1710 1013 1868 1074 locum
1886 1015 2051 1059 Latine
2073 1022 2473 1076 interpretandum

219 1096 340 1125 esse:
380 1082 521 1138 Quid,
561 1099 587 1126 o
615 1082 881 1134 temeraria,
910 1082 954 1125 si
977 1097 1053 1125 res
1081 1081 1133 1125 in
1161 1081 1248 1125 hoc
1276 1089 1399 1125 statu
1418 1090 1514 1135 est,
1551 1098 1641 1140 ego
1671 1082 1915 1142 conferam
1940 1087 2121 1134 solvens
2138 1086 2301 1145 potius
2329 1106 2472 1148 quam

223 1150 511 1197 accendens?
551 1150 675 1212 quod
702 1160 769 1198 ut
789 1149 967 1211 planius
995 1149 1159 1196 faciam
1187 1150 1274 1196 hoc
1298 1149 1400 1196 fere
1429 1150 1672 1211 significat:
1708 1152 1827 1199 nihil
1864 1164 2064 1214 egomet,
2108 1160 2146 1201 si
2184 1157 2241 1202 de
2271 1157 2471 1219 Creonte

222 1221 434 1266 adeundo
462 1221 654 1275 fortasse
683 1225 868 1283 cogitas,
892 1221 1106 1284 precibus
1133 1224 1249 1266 meis
1280 1216 1398 1267 effici
1423 1236 1555 1285 posse
1582 1237 1632 1268 σι
1635 1222 1736 1278 edo,
1766 1225 1878 1284 quin
1907 1227 2052 1287 magis
2081 1230 2219 1272 etiam
2247 1231 2472 1277 irascatur

222 1294 271 1335 et
297 1293 617 1361 exacerbetur.
1049 1311 1053 1314 ¹

448 1384 505 1428 Ιιι
531 1385 617 1428 hac
643 1371 1019 1455 interpretatione
1047 1386 1251 1444 primum
1280 1383 1397 1427 illud
1424 1384 1586 1429 fateor
1598 1398 1677 1431 me
1703 1399 1799 1435 non
1834 1387 2018 1442 videre5
2062 1402 2146 1433 cur
2171 1389 2472 1437 Her-mannus

224 1467 332 1497 cum
361 1442 639 1515 simpliciter
657 1458 861 1513 potuerit
889 1455 1055 1506 dicere,
1084 1453 1329 1511 obiectum,
1359 1454 1481 1513 quod
1511 1436 1690 1510 dicunt,
1733 1456 1982 1500 verborum
2019 1455 2142 1503 λύειν
2169 1468 2216 1503 et
2250 1459 2474 1519 ἐφάπτειυ

225 1535 286 1566 ex
314 1536 396 1566 sua
422 1526 601 1567 ratione
630 1538 728 1568 esse
757 1520 882 1576 τάδε,
912 1523 1146 1567 obscurius
1173 1522 1392 1566 maluerit
1418 1522 1672 1581 significare
1695 1527 1922 1568 contineri
1946 1525 2059 1569 illud
2081 1528 2270 1583 verbis,
2267 1532 2476 1595 winqnae-

224 1599 354 1637 sente
381 1594 543 1650 rerum‘
569 1600 704 1637 statu.
759 1592 943 1641 Deinde
970 1600 1023 1636 ut
1051 1600 1308 1636 accuratam
1343 1593 1473 1636 verbi
1508 1592 1810 1652 προς-θέσθαι
1846 1595 2213 1651 explicationem
2238 1612 2337 1645 non
2372 1614 2484 1658 pos-

225 1667 332 1706 suni
359 1677 455 1707 non
480 1661 692 1722 probare,
719 1665 783 1706 ita
811 1675 1069 1721 nunquam
1067 1665 1255 1728 Υ,ὴιιιιιιιιί
1258 1644 1470 1709 futurum
1498 1677 1615 1718 esse,
1652 1667 1733 1721 qui
1772 1660 1802 1717 ἢ
1840 1664 1929 1709 hoc
1961 1664 2063 1709 loco
2098 1669 2480 1727 interpretaretur

223 1730 379 1789 potius
408 1745 564 1790 quam.
618 1731 723 1789 Ego⁴
746 1732 890 1788 igitur
919 1731 976 1773 de
1003 1728 1196 1772 veritate
1223 1732 1477 1783 scripturae
1505 1731 1710 1784 vulgatae
1736 1731 1946 1772 nondum
1969 1732 2228 1791 desperans,
2254 1750 2362 1779 cum
2380 1752 2478 1783 nen

226 1800 393 1845 habeat
420 1797 542 1844 λύειν
570 1803 809 1843 notionem
838 1794 1089 1854 perfectam
1117 1795 1206 1839 nisi
1233 1793 1387 1839 a'ddito
1417 1800 1682 1851 accusativo,
1719 1798 1810 1841 alio
1839 1807 1975 1859 atque
2003 1800 2303 1849 Hermannus
2339 1807 2480 1851 modo

226 1866 353 1912 hunc
382 1879 565 1924 quaero·
625 1867 744 1907 Cum
772 1869 897 1909 enim
925 1864 1016 1908 duo
1044 1864 1184 1909 verba
1212 1865 1407 1910 eundem
1434 1875 1569 1926 saepe
1598 1872 1900 1912 accusativum
1928 1878 2103 1926 regant,
2135 1880 2188 1916 ut
2209 1874 2367 1932 diligo
2394 1876 2481 1920 lw-

230 1935 408 1979 minem
436 1941 481 1978 et
509 1947 730 1987 revereor,
759 1947 908 1993 neque
935 1940 988 1977 ut
1014 1940 1250 1991 repetatur
1284 1932 1456 1978 nomen
1494 1935 1694 1994 postulet
1730 1939 2050 1994 perspicuitese
2087 1939 2170 1983 ubi
2204 1941 2481 1991 alterutrum

229 2004 426 2050 verbum
454 2011 631 2047 certum
669 2003 856 2062 aliquod
890 2017 1062 2047 nomen
1099 2004 1275 2045 etiamsi
1311 2017 1406 2046 uon
1442 2002 1649 2047 additum
1671 2007 1764 2057 sit,
1806 2020 1895 2064 pro
1938 2011 2128 2052 notione
2168 2025 2248 2055 sua
2290 2013 2481 2071 flagitat,

230 2073 357 2120 idem
384 2087 556 2117 nomen
585 2081 940 2116 consentaneum
968 2080 1037 2116 est
1065 2074 1361 2115 coniunctum
1390 2075 1579 2129 cogitari
1608 2088 1714 2118 cum
1742 2074 1888 2120 altero
1916 2076 2068 2120 verbo.
2134 2078 2236 2124 Jam
2273 2084 2386 2140 quid
2422 2088 2482 2128 git

233 2134 465 2188 obiectum
492 2141 622 2188 verbi
656 2137 915 2186 θάπτουσι»
951 2156 1059 2185 σιιιιι
1094 2155 1231 2184 nemo
1268 2140 1475 2184 dubitare
1511 2145 1674 2205 possit,
1716 2142 1842 2187 idem
1885 2159 2060 2188 nomen
2101 2145 2181 2192 τὸν
2222 2150 2383 2209 νεκρὸν
2424 2154 2484 2199 ad

234 2209 410 2258 λύουσα
438 2210 730 2270 cogitandum
758 2225 856 2255 esse
884 2225 1064 2255 censeo.
1105 2210 1175 2255 Ita
1203 2209 1424 2255 sententia
1451 2210 1543 2255 loci
1570 2218 1670 2255 erat
1695 2210 1832 2259 haec.
1862 2212 1987 2269 Quid
2015 2229 2141 2271 vero,
2168 2233 2197 2261 o
2227 2227 2483 2276 temeraria,

235 2281 430 2339 (parebo
446 2280 720 2326 Hermanno
750 2277 1016 2341 ταλαίφρων
1043 2282 1375 2339 interpretanti,
1405 2283 1609 2339 quamvis
1639 2273 1911 2326 dissentiens
1940 2282 1999 2331 cf.
2027 2292 2183 2330 versus
2211 2290 2298 2333 858
2325 2298 2372 2334 et
2397 2293 2484 2339 869

235 2350 426 2410 Herm.)
452 2353 493 2396 si
520 2366 594 2396 res
622 2354 673 2396 ιιι
701 2348 791 2396 hoc
818 2358 936 2395 statu
964 2357 1055 2404 est,
1092 2357 1274 2408 egomet
1309 2349 1541 2401 conferam
1576 2349 1636 2396 ad
1673 2350 1885 2408 (fratrem
1921 2356 2179 2413 nostrum).
2190 2357 2484 2407 liberandum

236 2421 348 2480 (hac
376 2421 638 2466 conditione
665 2418 848 2478 misera)
885 2426 930 2476 et
959 2418 1302 2477 sepeliendum?
1356 2417 1507 2465 Video
1536 2419 1648 2479 quid
1677 2429 1836 2466 contra
1864 2421 1954 2466 dici
1981 2428 2125 2483 possit
2153 2439 2214 2470 ex
2243 2442 2484 2488 compana-

237 2495 363 2539 tione
402 2505 566 2537 eorum
612 2504 729 2552 quae
763 2472 1063 2535 Hermannus
1106 2493 1290 2536 monuit
1334 2476 1547 2536 adversus
1582 2489 1812 2537 Erfurdtii
1854 2495 2128 2552 scripturam
2171 2499 2222 2540 in
2266 2497 2335 2544 ed.
2373 2504 2481 2546 mai.

240 2560 423 2609 λούουσ“
439 2559 510 2608 ’ὃν
535 2558 567 2617 ἢ
596 2559 875 2614 θάπτουσι»,
916 2567 1097 2605 tantum
1125 2560 1303 2617 abesse,
1344 2568 1397 2605 ut
1423 2563 1473 2604 ιιι
1499 2568 1705 2606 mentem
1733 2565 1906 2607 venerit
1934 2562 2158 2620 Ismenae‚
2200 2566 2289 2610 hoc
2319 2583 2483 2628 quem-

242 2649 384 2695 quam
410 2633 581 2693 audere
608 2646 764 2694 posse,
800 2629 1272 2690 utrvs0⁴44,vm1retur‚
1312 2630 1596 2690 Antigonam
1632 2644 1691 2676 ea
1724 2630 1780 2675 de
1815 2645 1868 2675 re
1896 2637 2109 2691 cogitare.
2175 2634 2297 2681 Cum
2325 2645 2482 2686 tamen

241 2696 477 2768 Antigona
503 2707 609 2747 satis
637 2704 876 2763 perspicue
904 2698 1200 2763 significasset
1226 2715 1353 2745 nunc
1388 2715 1488 2745 esse
1523 2708 1705 2759 tempus
1740 2704 1945 2745 animum
1973 2708 2315 2760 generosiorem
2343 2722 2483 2753 mon-

151 2759 166 2771 '
241 2772 418 2818 strandi
436 2769 701 2832 agendique
728 2774 779 2814 in
807 2772 1019 2827 gratiam
1026 2773 1185 2816 miseri
1210 2768 1382 2824 fratris,
1416 2785 1512 2815 non
1541 2771 1737 2817 arbitror
1764 2773 1931 2814 nimiae
1961 2786 2058 2815 esse
2086 2787 2174 2830 pro
2201 2777 2378 2834 puellae
2406 2783 2483 2824 in-

244 2841 351 2889 dole
376 2840 544 2886 tenella
571 2840 868 2895 fortitudinis,
897 2838 1018 2898 quod
1045 2839 1294 2898 respondet
1321 2839 1379 2883 ad
1406 2837 1688 2900 sepulturam
1707 2838 1843 2884 fratri
1865 2841 2194 2887 conciliandam
2217 2860 2266 2890 se
2290 2849 2481 2906 quidem

245 2911 359 2968 qnid
385 2909 615 2971 agendum
644 2913 704 2953 sit
728 2925 826 2955 non
852 2910 1021 2956 videre.
1068 2911 1241 2970 Neque
1268 2909 1386 2954 mihi
1414 2909 1596 2959 videtur
1622 2924 1687 2957 vs.
1713 2911 1773 2956 44
1795 2910 1921 2956 hanc
1956 2916 2230 2960 sententiam
2265 2919 2480 2974 refutare,

244 2977 342 3041 nbi
354 2975 557 3040 Ismenae
584 2980 725 3027 verba
759 2979 874 3036 haec
910 2989 1037 3027 sunt.
1080 2979 1219 3027 Tune
1246 2994 1381 3043 ergo,
1397 2978 1572 3043 (quod
1604 2983 1839 3039 neminem
1872 2981 2087 3042 putabam
2122 2999 2345 3034 ausurum
2381 3003 2479 3035 esse
2510 3041 2515 3046 ,

229 3043 313 3096 rs.
338 3048 458 3110 40)
442 3063 540 3109 ipsa
565 3046 759 3113 sepelies
782 3050 1003 3097 irati-emi*
