2992 3538
1298 251 1584 270 mmm

2498 270 2565 316 11

427 363 524 411 Ubi
552 360 945 423 qaummolestus
973 368 1091 405 esset
1121 365 1387 415 anapaestus
1416 361 1465 402 in
1494 364 1651 418 quinta
1681 356 1822 420 sedek¹
1840 360 2010 419 duplex
2046 367 2095 407 iu
2133 374 2327 425 promtu
2357 378 2453 412 erat
2486 386 2565 415 re-

307 436 623 487 medinm-ut
650 432 724 477 vel
752 431 969 476 articulus
998 429 1309 481 omitteretur,
1351 428 1425 474 vel
1465 425 1603 488 ἔφυγε
1642 429 1930 476 scriberetur.
1994 433 2298 481 Memorabile
2337 448 2405 482 est
2440 440 2564 484 Her-

243 492 251 496 .
312 508 474 552 manni
501 503 559 550 de
588 501 806 547 hocloco
835 501 1079 552 iudicium,
1120 504 1199 559 qni
1228 500 1352 544 dedit
1382 495 1541 557 ἔφυγε,
1579 499 1658 543 sed
1700 510 1933 557 praeterea
1970 504 2122 549 locum
2161 518 2429 565 corruptum
2468 525 2564 554 esse

309 583 507 621 censet..
535 573 616 618 Ad
644 574 923 625 sententiam
947 570 1269 635 explicandam
1294 573 1356 616 ita
1368 571 1650 640 accingitur
1668 584 1693 612 a
1717 575 1951 632 contrario
1972 576 2214 634 incipiens:
2246 574 2365 630 ,οὐκ
2393 576 2564 638 ἔφυγον

307 645 397 702 „rb
424 644 491 703 μὴ
521 639 690 688 ειδέναι
718 621 926 693 {estnon
952 634 1146 685 'devitavi
1178 655 1269 699 quo
1302 641 1453 683 minus
1489 641 1662 682 scirem
1691 639 1723 683 i.
1763 653 1804 683 e.
1834 644 2030 685 omuino
2068 638 2191 688 sc'ivi.
2257 645 2375 691 Illud
2411 658 2563 693 autem

306 713 514 789 ηέφυγον
544 711 603 757 τὸ
624 711 689 769 μὴ
719 707 887 755 εἰδέναι
917 719 984 754 est
1013 711 1207 754 devitavi
1236 719 1296 753 ut
1334 723 1392 753 ne
1423 712 1584 752 scirem
1623 712 1652 753 i.
1684 723 1726 753 e
1757 713 1949 768 contigit
1979 712 2089 755 mihi
2123 721 2330 760 nescii-ef
2319 722 2347 743 “
2403 718 2562 778 Atque

254 788 262 797 ‘
308 773 428 828 hanc
455 784 751 835 locutionem,
777 782 969 838 longum
997 785 1122 825 enim
1140 785 1219 824 est
1247 782 1414 824 iterare
1444 781 1611 830 omnia,
1623 781 1729 822 tion
1762 788 1917 823 censet
1945 790 2093 838 aptam
2124 800 2220 829 esse
2250 796 2406 831 nostro
2446 789 2561 841 loco,

311 854 392 900 sed
421 854 516 898 leni
547 854 808 897 mutatione
828 851 1122 896 scribendum
1152 864 1270 893 esse:
1301 846 1397 892 ἀλλ’
1429 845 1565 909 ἔφυγε
1595 849 1657 909 τῷ
1685 848 1750 906 μὴ
1781 845 1961 904 εἰδέναι,
2001 857 2123 897 cuius
2154 860 2405 916 scripturae
2435 857 2560 905 huuc

308 938 404 989 esse
433 938 640 968 sensumz
671 936 1057 986 unumquemque
1067 920 1349 983 putabamus
1376 920 1552 975 fecisse,
1579 920 1761 977 nullum
1790 929 1946 968 tamen
1975 924 2237 980 manifesto,
2273 928 2356 970 sed
2390 924 2561 988 effitgit

308 1010 362 1041 eo
393 994 528 1061 quod
540 990 873 1065 nesciebamus.
944 991 998 1041 In
1026 1005 1129 1050 quo
1166 988 1304 1034 verba
1338 989 1500 1034 Latina
1533 1005 1588 1037 eo
1627 990 1886 1049 disciepaut
1917 1007 1947 1038 a
1978 992 2186 1049 Graecis,
2232 997 2353 1055 quod
2388 1004 2559 1061 summi

234 1100 237 1102 -
304 1051 362 1111 la.
379 1065 413 1111 l.
430 1072 527 1118 est
530 1067 797 1129 momenti,
826 1055 964 1125 quod
978 1060 1277 1115 Hetmannus
1313 1061 1368 1104 ab
1405 1064 1537 1105 initio
1576 1064 1725 1119 prima
1765 1065 1912 1107 utitur
1941 1076 2149 1120 persona.
2208 1066 2275 1111 Ut
2303 1071 2425 1112 enim
2456 1084 2560 1114 ver-

304 1135 437 1201 qu
449 1136 611 1198 verbo
618 1134 830 1195 referam,
867 1132 929 1191 ita
957 1132 1121 1177 Latine
1150 1130 1233 1184 hos
1262 1146 1419 1176 versus
1450 1137 1730 1189 convertam
1767 1148 1890 1188 unus
1924 1138 2049 1178 enim
2087 1139 2278 1195 quisque
2314 1147 2414 1181 erat
2442 1142 2560 1191 (sce-

306 1205 437 1259 leris)
473 1212 698 1262 patrator,
743 1214 789 1249 et
825 1218 963 1248 nemo
992 1187 1288 1254 manifestus,
1327 1190 1411 1246 sed
1448 1203 1609 1261 effugit
1644 1203 1914 1261 ignorando.
1980 1203 2093 1248 Vim
2127 1207 2293 1250 iufe1ri
2326 1209 2558 1254 contendo

307 1275 418 1319 huic
447 1275 564 1328 loco,
594 1279 632 1319 si
662 1262 784 1319 aliud
813 1273 1083 1324 subiectum,
1113 1271 1234 1334 quod
1263 1278 1424 1316 vocant
1450 1276 1771 1331 grammatici,
1789 1273 2027 1322 tribuitur
2036 1274 2174 1320 verbo
2204 1272 2383 1328 sidium,
2402 1287 2558 1336 atque

305 1342 489 1408 &qma-v.
545 1344 671 1390 Tum
699 1359 809 1390 vero
839 1339 934 1389 tota
949 1342 1210 1398 Heimauni
1240 1339 1477 1397 sententia,
1506 1358 1597 1402 qua·
1624 1346 1773 1387 omnis
1796 1358 1876 1387 res
1906 1343 2339 1401 profligatu1,mihi
2370 1348 2562 1406 quidem

305 1415 487 1462 videtur
516 1428 542 1458 a
568 1418 832 1459 narratione
861 1411 1059 1457 custodis
1089 1412 1256 1466 aliwag
1283 1415 1434 1471 pergit
1464 1415 1660 1455 nuncius
1689 1417 1737 1455 iu
1767 1412 2079 1456 describendis
2109 1415 2346 1459 custodum
2383 1417 2557 1461 moliti·

304 1472 485 1547 onibus
497 1490 543 1531 et
570 1483 899 1537 sollicitudine,
942 1482 999 1526 de
1037 1488 1203 1524 eventu
1239 1484 1310 1524 rei
1344 1487 1413 1524 est
1442 1480 1631 1525 demum
1659 1496 1722 1524 vs.
1752 1482 1851 1526 268.
1906 1481 2009 1540 Ego
2039 1485 2178 1540 igitur
2207 1483 2325 1527 hanc
2359 1485 2558 1529 arbitrm

304 1567 403 1598 esse
432 1558 726 1598 sententiam·
756 1568 875 1597 unus
906 1555 1031 1596 enim
1062 1550 1253 1610 quisque
1293 1550 1376 1608 (ex
1406 1559 1669 1595 ceterorum
1696 1549 1772 1608 vel
1806 1554 2025 1611 opinione
2055 1553 2127 1598 vel
2162 1554 2387 1598 invidiosa
2424 1569 2556 1599 aecu-

303 1624 500 1690 satione)
527 1639 627 1680 rem
659 1620 893 1683 dicebatur
921 1621 1188 1691 perfecisse3
1217 1636 1355 1664 nemo
1385 1622 1675 1672 manifestus3
1712 1621 1793 1667 sed
1822 1637 2010 1680 operam
2039 1622 2182 1677 dedit,
2220 1638 2278 1667 ne
2306 1639 2408 1668 rem
2437 1628 2555 1669 scire

303 1686 553 1746 videretur,
583 1692 615 1737 l'.
644 1706 742 1736 sese
779 1697 907 1739 scire
933 1680 1106 1733 se'dulo
1128 1687 1443 1733 dissimulavit.
1511 1691 1781 1749 Universum
1815 1697 2091 1735 sententiam
2127 1708 2228 1735 esse
2262 1698 2556 1752 aptissimam,

305 1764 439 1809 docet
467 1764 554 1808 loci
582 1771 758 1807 natura.
813 1762 888 1805 Ex
922 1760 1300 1825 interpretatione
1337 1764 1492 1804 nostre
1527 1744 1905 1813 imperfectum*
1882 1774 2058 1818 εφευγε,
2095 1761 2219 1818 quod
2255 1776 2414 1805 omues
2451 1764 2558 1808 libri

305 1835 541 1882 offerunt,
568 1836 738 1876 aoristo
775 1827 1158 1872 accommodatius
1195 1831 1264 1866 est
1298 1821 1357 1865 ad
1392 1824 1594 1866 studium
1632 1825 1876 1870 homiuum
1914 1828 2064 1870 vivide
2091 1833 2556 1888 repraesentandum3

303 1897 444 1959 ἔφυγε
471 1900 662 1964 propius
687 1904 759 1940 est
786 1896 1135 1939 Hermanniano
1164 1891 1234 1936 illi
1263 1893 1461 1950 contigit
1480 1894 1550 1936 ize
1578 1896 1775 1946 nescire,
1814 1910 1903 1953 qua
1932 1899 2108 1939 unione
2138 1898 2384 1944 voluntatis
2413 1908 2556 1957 notio,

304 1970 443 2031 quam'
471 1971 664 2012 minIme
692 1964 1011 2022 negligendam
1040 1977 1137 2007 esse
1165 1969 1290 2021 put0‚
1320 1962 1588 2008 detrahitur.
1621 1961 1826 2023 ’'Equwye
1855 1958 2079 2022 significat
2107 1966 2161 2009 id
2186 1968 2296 2026 egit,
2325 1978 2376 2013 ut
2405 1987 2556 2027 μισ-ς

302 2042 464 2085 vitavit
493 2052 552 2082 ne
580 2049 661 2087 -ς
692 2034 1006 2080 dissimulavit.
1063 2033 1200 2086 Quod
1230 2029 1390 2092 ἔφευγε
1418 2047 1511 2075 non
1542 2032 1676 2077 habet
1707 2033 1963 2080 subiectum
1993 2032 2161 2088 οὐδεὶς,
2197 2038 2277 2080 sed
2317 2033 2381 2090 εἷς
2420 2058 2487 2092 τις
2525 2044 2555 2088 Ι.

303 2109 399 2162 πᾶς
427 2123 509 2161 τις,
538 2121 644 2158 non.
663 2113 731 2153 est
759 2103 883 2164 quod
911 2117 1125 2150 moneam
1154 2105 1385 2146 communi
1415 2116 1501 2145 usu
1528 2100 1700 2162 factum
1730 2112 1841 2153 esse.
1889 2103 1987 2149 Sed
2016 2122 2107 2149 non
2137 2115 2205 2150 est
2225 2113 2414 2153 omuino
2437 2127 2556 2155 nova

303 2181 461 2226 no'stra
496 2174 765 2235 explicatioz
810 2173 1008 2217 similem
1044 2185 1231 2217 sensum
1268 2171 1368 2217 Eri.
1414 2174 1465 2216 in
1500 2171 1572 2217 ed.
1610 2176 1725 2220 min.
1761 2174 1945 2219 videtur
1988 2175 2072 2219 sibi
2116 2175 2459 2236 deprehendere
2503 2185 2554 2224 in

303 2253 528 2315 scriptura
547 2246 835 2291 Pbrsoniena
872 2240 1011 2303 ἔφυγε
1046 2240 1119 2296 (τὸ
1147 2240 1229 2299 μὴ
1244 2237 1450 2297 εἰδέναι),
1488 2257 1624 2302 quam
1661 2247 1726 2288 ait
1762 2244 2193 2304 plusquamperfecti
2231 2251 2324 2291 vim
2362 2248 2554 2294 habere:

304 2316 563 2375 „amoliens
593 2331 620 2361 a
649 2329 697 2361 se
727 2315 1060 2360 accusationem
1099 2314 1215 2356 sciie
1252 2326 1350 2357 sese
1385 2311 1682 2384 negaverat.“
1746 2314 1853 2372 Qua
1888 2318 2038 2361 tamen
2071 2320 2246 2362 ratione
2290 2333 2382 2377 quo
2425 2335 2556 2365 com·

304 2388 443 2436 m'ode
460 2385 702 2451 referatur
730 2379 1245 2446 plusquamperfectum,
1267 2397 1367 2428 non
1398 2376 1546 2459 video.

756 2469 818 2501 vs.
844 2455 945 2499 321.

525 2525 619 2592 De
633 2525 736 2571 loco
764 2526 1076 2571 vexatissimo·
1077 2530 1137 2566 ut
1173 2520 1306 2578 plura
1343 2532 1440 2566 non
1478 2520 1644 2575 dicam,
1690 2520 2057 2566 Hermannianae
2094 2526 2372 2582 scripturae,
2416 2541 2556 2585 quam

307 2613 403 2644 non
430 2590 624 2664 possum
646 2602 741 2640 non
770 2594 976 2653 probare,
1013 2605 1178 2637 ουκουν
1206 2587 1259 2634 τό
1289 2591 1328 2646 γ’
1358 2587 1490 2648 ἔργον
1518 2592 1654 2636 τοῦτο
1683 2589 1877 2645 ποιήσας
1904 2591 2028 2645 ποτέ,
2058 2593 2438 2650 significationem
2461 2612 2555 2641 non

307 2669 489 2714 videtur
515 2662 628 2712 mihi
656 2660 953 2710 Hermannus
980 2670 1114 2706 recte
1132 2663 1438 2719 proposuisse.
1497 2662 1639 2714 „Non
1677 2677 1778 2706 sum
1815 2662 2011 2720 loquax,
2055 2671 2188 2707 certe
2217 2680 2311 2709 non
2349 2670 2427 2726 qui
2465 2667 2555 2711 hoc

308 2730 671 2798 perpetraverim
701 2735 887 2780 facinus.
897 2738 924 2761 ‘⁴
979 2728 1191 2777 Metuere
1220 2734 1351 2774 enim
1374 2731 1622 2785 custodem,
1651 2746 1710 2775 ne
1738 2735 2045 2789 suspicionem
2075 2748 2102 2776 a
2131 2748 2178 2777 se
2208 2739 2414 2779 avertere
2439 2738 2554 2781 velle

309 2802 454 2861 multa
482 2806 712 2867 loquendo
740 2806 957 2855 videatur.
1003 2796 1134 2844 Mihi
1171 2803 1233 2844 ita
1268 2798 1482 2844 videntur
1502 2797 1620 2865 haec
1648 2801 1783 2846 veiha
1812 2802 2084 2860 explicanda
2116 2818 2231 2846 esse·
2274 2836 2301 2858 ‚‚
2313 2806 2429 2850 Utut
2465 2807 2554 2850 hoc

310 2871 399 2932 sit,
411 2872 519 2926 'sive
513 2868 707 2951 quuax
737 2870 820 2922 tibi
848 2874 986 2926 dicar,
1022 2872 1115 2915 sive
1144 2869 1253 2921 non,
1281 2864 1370 2912 hoc
1400 2868 1567 2912 saltem
1597 2867 1773 2913 facinus
1811 2885 1908 2915 non
1945 2876 2167 2922 commisi
2182 2878 2214 2900 ‘⁰
2262 2874 2434 2921 Parum
2464 2881 2554 2920 sci-

309 2946 419 3000 lieet
445 2939 598 3004 curat,
611 2957 710 3005 quo
740 2957 787 2990 se
814 2938 1006 2990 nomine
1031 2955 1118 2985 rex
1146 2945 1290 2990 vocet,
1320 2938 1460 2981 modo
1490 2937 1748 2996 sepulturae
1779 2934 1971 2986 mimine
2000 2942 2235 2988 liberetur.

520 3010 628 3060 sed
655 3014 762 3065 satis
790 3010 999 3069 videmur
1025 3010 1285 3072 prolusisse.
1329 3007 1432 3052 Jam
1460 3022 1620 3054 rerum
1642 3008 2029 3068 scholasticarum,
2059 3026 2166 3071 quas
2191 2994 2365 3060 civibus
2388 3017 2553 3059 nosti-Is

306 3080 533 3146 impense
546 3084 933 3139 commendamus,
959 3085 1076 3129 ratio
1105 3087 1174 3126 est
1199 3078 1445 3125 reddenda.

2026 3226 2108 3269 2.
