2992 3538
428 330 615 401 possum
645 340 755 397 quin
785 337 922 379 unice
950 333 1272 379 commendem
1301 331 1562 376 Hermanni
1590 332 1838 384 rationem,
1875 329 2082 388 quamvis
2117 324 2175 372 ab
2217 328 2393 385 ipso'et
2411 324 2686 375 ‘derelictam

427 417 476 453 et
504 422 630 453 secus
660 409 935 466 expositam,
965 414 1016 449 ut
1045 406 1291 448 scribaturz

933 465 1006 531 ἆρ’
1037 466 1166 518 οἶσθ’
1189 469 1268 519 ὅτι
1297 471 1411 523 Ζεὺς
1440 472 1529 515 τῶν
1556 469 1642 514 ἀπ*
1674 466 1864 516 Οἰδίπου
1892 466 2043 512 κακῶν

933 542 1097 587 ὁποῖον
1124 540 1223 599 οὐχὶ
1251 543 1341 602 νῷν
1370 540 1438 585 ἔτι
1468 539 1637 593 ζώσαιν
1668 540 1804 591 τελεῖς

652 616 864 663 Alterius
891 613 1102 659 lectionis
1133 607 1158 658 ὅ
1190 630 1234 657 τι
1264 619 1580 671 propugnator
1609 619 1675 654 est
1703 608 1957 661 semlerus,
1996 612 2135 666 quem
2174 619 2298 651 nunc
2328 607 2535 666 sequitur
2562 602 2690 651 Her-⁴

426 701 650 740 mannus,
686 689 773 729 viri
813 680 1019 729 doctrina
1054 691 1101 727 et
1129 686 1396 725 auctoritate
1428 680 1769 735 praecellentes.
1842 677 1943 733 Hos
1979 672 2212 733 utcunque
2256 683 2418 734 potero
2461 673 2687 728 refutabo,

425 771 579 801 meam
616 758 883 816 opinionem
912 751 1169 798 defendam.
1228 752 1390 796 Bothii
1413 741 1486 808 ἆρ’
1518 741 1667 796 οἷσθὶέ
1705 764 1762 800 τι,
1793 754 1839 790 et
1869 744 2133 789 Thierschii
2163 742 2268 791 ἔσθ’
2299 740 2324 791 ὅ
2360 760 2404 791 τι
2432 758 2528 790 non
2556 743 2687 790 facile

429 827 642 880 aliorum,
673 839 810 883 quam
840 828 1050 882 ipsorum
1078 831 1322 867 auctorum
1353 811 1594 865 assensum¹⁴
1617 820 1764 872 latura
1793 830 1890 862 esse
1918 819 2143 874 suspicor.

653 895 850 937 Seidleri
878 898 1019 951 igitur
1053 897 1171 936 ratio
1202 906 1256 935 eo
1295 905 1343 935 se
1380 890 1691 943 commendat,
1736 888 1858 947 quod
1892 895 2099 930 veterem
2143 892 2298 928 tuetur
2340 887 2620 943 scripturam
2640 884 2642 887 ’
2662 898 2690 927 a

426 964 624 1008 scholiis
653 969 879 1021 agnitamt
916 956 1013 1006 εἷπε
1042 962 1217 1013 διττῶς·
1246 962 1428 1018 πρῶτον
1456 962 1540 1017 μὲν
1568 955 1594 1002 ὅ
1625 975 1684 1013 τι,
1715 955 1873 1001 ἔπειτα
1902 957 1950 1001 δὲ
1980 955 2153 1008 ὁποῖον,
2190 952 2440 1012 ἀρ’όιοῦντος
2468 953 2690 1011 θατέρου.

428 1035 615 1094 Exigua
644 1042 798 1078 tamen
826 1034 899 1078 vel
927 1033 1055 1076 nulla
1084 1035 1337 1089 scripturae
1366 1031 1622 1086 diversitas3
1649 1032 1699 1072 in
1729 1027 2035 1086 explicatione
2064 1027 2221 1069 omnia
2243 1032 2349 1068 sunt
2371 1027 2531 1082 posita.
2585 1023 2693 1066 Jam

430 1106 556 1164 qnod
592 1108 657 1148 ait
682 1101 929 1154 Seidlerus,
968 1103 1049 1146 ubi
1079 1117 1186 1145 cum
1214 1106 1260 1147 vi
1290 1101 1484 1161 quadam
1512 1099 1845 1156 interrogetur,
1883 1097 2086 1141 Graecos
2123 1110 2221 1139 non
2255 1108 2361 1139 raro
2399 1103 2444 1138 et
2482 1097 2533 1137 in
2568 1100 2693 1145 recta

432 1183 479 1218 et
505 1178 557 1218 in
584 1174 771 1233 obliqua
801 1176 1003 1217 oratione
1040 1172 1171 1216 binas
1208 1165 1378 1229 ponere
1414 1183 1551 1216 voces
1589 1171 1936 1226 interrogativas
1975 1158 2074 1211 sine
2112 1165 2296 1225 copula,
2339 1179 2435 1209 non
2477 1173 2590 1224 puto
2634 1160 2692 1206 ab

432 1247 561 1288 omni
593 1253 721 1302 parte
751 1256 860 1290 vera
889 1256 998 1287 esse.
1056 1241 1194 1297 Quod
1226 1245 1349 1286 enim
1378 1241 1684 1286 Homericum
1714 1233 1831 1283 illud
1860 1235 1929 1291 τίς
1955 1234 2109 1282 πόθεν
2138 1232 2262 1290 ἔσσις
2309 1243 2356 1281 et
2391 1234 2558 1279 similia
2586 1247 2693 1281 cum

432 1317 479 1359 vi
508 1314 705 1373 quadam
733 1314 833 1358 vult
860 1316 1155 1374 pronuntiata
1184 1327 1295 1367 esse,
1325 1325 1551 1372 quaenam
1577 1310 1692 1354 haec
1721 1313 1780 1353 sit
1798 1312 1874 1371 ‘vis
1902 1316 2077 1354 memet
2103 1309 2281 1354 nescire
2304 1304 2464 1353 fateor.
2506 1305 2695 1350 Rectius

435 1388 605 1442 opinor
633 1388 945 1444 praecipietur
980 1391 1026 1427 et
1063 1382 1262 1427 Graecos
1299 1390 1347 1425 et
1380 1381 1571 1426 Latinos
1606 1381 1755 1427 solere
1791 1379 1904 1424 duas
1941 1378 2140 1423 diversas
2175 1378 2557 1435 interrogationes
2595 1378 2694 1418 sine

435 1455 598 1515 copula
634 1459 682 1498 in
717 1468 862 1498 unam
901 1456 1205 1511 coniungere,
1251 1453 1342 1497 duo
1381 1460 1538 1496 tamen
1573 1460 1625 1496 ut
1665 1455 2025 1508 interrogentur.
2086 1446 2279 1491 Ramsh0-
2302 1445 2384 1489 Gr.
2412 1446 2490 1489 lat.
2519 1458 2563 1503 p.
2594 1445 2694 1489 504.

433 1526 499 1569 Ita
528 1526 827 1569 Hermannus
857 1538 1054 1583 quoque.
1111 1523 1178 1565 At
1215 1531 1369 1566 nostro
1405 1523 1508 1565 Ioco
1547 1535 1643 1563 non
1670 1523 2016 1577 interrogantur.
2044 1518 2241 1569 diversa,
2262 1517 2358 1559 'sed
2386 1515 2510 1559 idem
2540 1513 2695 1571 dupli-

437 1599 573 1650 citer3
610 1596 717 1639 licet
753 1596 843 1639 hoc
879 1599 928 1637 in
960 1594 1219 1652 Hei-manni
1256 1594 1635 1651 interpretatione
1663 1592 1795 1634 aliter
1823 1592 2023 1646 cuipiam
2052 1587 2275 1631 videatur.
2332 1586 2427 1638 Qui
2455 1599 2562 1627 cum
2590 1597 2696 1628 ver-

435 1669 568 1709 terit:
598 1666 711 1723 quid
738 1680 833 1708 non
863 1663 1122 1720 perficiens,
1155 1679 1243 1720 quo
1271 1677 1367 1705 non
1396 1660 1572 1718 perficit
1599 1659 1769 1703 modo?
1797 1659 1872 1703 vel
1899 1658 2018 1700 nihil
2041 1672 2137 1700 non
2157 1655 2264 1709 mali
2288 1654 2415 1698 nullo
2437 1669 2534 1697 non
2556 1644 2695 1696 modo

437 1732 837 1792 p'erficit,'aliquid
865 1745 974 1775 sane
1001 1732 1281 1774 discriminis
1310 1734 1486 1785 posuit3
1514 1728 1597 1770 sed
1624 1728 1839 1770 solvenda
1868 1730 2015 1769 oratio
2044 1734 2154 1778 erat,
2192 1725 2302 1782 quid
2331 1740 2426 1768 non
2456 1722 2700 1780 perficiens

439 1801 576 1863 quale
614 1816 709 1846 non
744 1797 948 1861 perficit,
986 1796 1110 1858 quod
1147 1804 1215 1841 est
1242 1794 1453 1840 insubide
1483 1793 1671 1841 dictum.
1728 1791 1783 1837 In
1820 1806 1874 1836 eo
1910 1795 2051 1850 igitur
2087 1807 2202 1852 quae
2236 1792 2469 1838 Seidlerus
2505 1790 2699 1853 protulit

440 1871 652 1932 exempla
681 1869 738 1915 ad
767 1871 1038 1914 sententiam
1067 1882 1195 1930 suam
1226 1863 1588 1911 confirmandam
1617 1861 1793 1907 minus⁰
1809 1861 2150 1906 accommodata
2186 1863 2423 1911 videntum
2460 1863 2535 1903 vel
2573 1862 2698 1903 euim

441 1941 621 1989 diversa
648 1940 992 1999 interrogantur
1021 1937 1076 1983 i1r
1099 1938 1179 1991 eis,
1208 1937 1280 1983 vel
1310 1937 1624 1982 admirationis
1652 1932 1813 1978 vocula
1842 1933 2186 1989 interrogationi
2218 1931 2537 1988 praemittitur,
2575 1928 2699 1988 quod

441 2022 604 2058 natura
624 2013 714 2055 'sua
742 2014 793 2055 in
829 2000 963 2055 recta*
988 2017 1166 2054 tantum
1207 2003 1414 2052 oratione
1448 2006 1604 2049 locum
1641 2004 2019 2058 habere-potest,
2061 2008 2115 2044 ut
2148 2004 2196 2042 in
2232 1998 2433 2043 formula
2467 1998 2698 2043 Platonica

441 2083 540 2133 πῶς
569 2079 614 2125 τί
642 2081 818 2135 tovi-05¹
841 2079 1064 2129 Ceterum
1091 2078 1211 2131 vide,
1242 2091 1299 2120 ne
1328 2077 1485 2120 Latini
1513 2078 1690 2133 saepius
1718 2077 1771 2118 in
1804 2072 2015 2130 obliqua,
2052 2074 2103 2113 in
2136 2078 2262 2114 recta
2298 2072 2503 2114 oratione
2532 2069 2701 2114 Graeci

441 2154 553 2198 duas
582 2152 866 2210 coniungant
893 2151 1292 2207 interrogationes.
1400 2201 1405 2205 ἢ
1778 2193 1781 2195 q

670 2223 776 2266 Jam
806 2235 917 2266 vero
946 2228 1001 2263 ut
1029 2220 1086 2262 ad
1116 2233 1213 2261 eam
1240 2220 1515 2278 scripturam
1544 2216 1827 2274 perveniam}
1858 2227 1997 2272 quam
2023 2215 2120 2269 ipse
2149 2204 2310 2269 probe,
2339 2212 2401 2258 ita
2429 2209 2701 2255 struendum

442 2305 540 2337 esse
567 2292 723 2337 locum
753 2291 973 2336 arbitror:
1023 2289 1067 2332 Ο
1105 2302 1262 2331 carum
1298 2290 1469 2332 sororis
1498 2294 1647 2345 caput,
1684 2287 1831 2328 scisne
1858 2282 2018 2328 Jovem
2049 2295 2247 2333 eorum?
2268 2294 2383 2339 quae
2418 2278 2475 2322 ab
2513 2278 2698 2338 Oedipo

430 2355 577 2408 nobis
613 2362 882 2415 imminent,
921 2359 1153 2404 malorum
1191 2358 1306 2417 quid
1340 2373 1436 2401 non
1472 2360 1503 2401 i.
1532 2371 1571 2400 e.
1608 2353 1965 2413 unumquodque
2002 2351 2134 2396 nobis
2163 2353 2278 2394 vivis
2308 2349 2558 2407 perficere?
2614 2350 2700 2394 Est

444 2438 586 2491 igitur
613 2427 692 2475 hic
721 2430 849 2477 locus
880 2443 940 2474 ex
975 2445 1030 2474 eo
1068 2442 1259 2488 genere,
1302 2432 1353 2472 in
1389 2437 1584 2487 utraque
1622 2426 1776 2482 lingua
1813 2426 2130 2474 usitatissimo,
2175 2436 2266 2481 quo
2309 2428 2429 2464 totae
2472 2419 2699 2465 formulae

442 2507 579 2547 unius
609 2504 735 2549 vocis
763 2503 916 2545 locum
945 2501 1155 2545 obtinere
1190 2497 1422 2550 videntur,
1459 2505 1512 2540 ut
1546 2492 1629 2539 οὐκ
1658 2491 1781 2540 ἔστιν
1817 2488 1954 2544 ὅπως,
1993 2489 2099 2535 ἔσθ’
2128 2484 2216 2541 ὅτε,
2253 2493 2424 2533 mirum
2461 2497 2697 2548 quantum,

444 2577 596 2619 nescio
627 2577 750 2631 quis,
787 2589 923 2630 quam
951 2572 1180 2614 rationem
1209 2571 1382 2611 nemini
1414 2566 1600 2625 quidem
1631 2570 1834 2624 ignotam
1862 2577 2012 2622 nuper
2039 2563 2189 2618 tetigit
2216 2559 2455 2617 Kriigerus
2474 2563 2539 2604 ‘in
2577 2559 2696 2606 libro

445 2645 591 2690 bonae
619 2643 765 2701 frugis
795 2642 852 2685 de
881 2642 1164 2686 attractionis
1193 2653 1280 2682 usu
1307 2639 1354 2692 ¹¹¹)
1383 2652 1428 2695 p.
1457 2637 1544 2682 469
1571 2652 1631 2680 ss.
1689 2633 1866 2679 Eadem
1893 2634 2263 2689 interrogationis
2299 2633 2564 2675 interiectae
2599 2630 2699 2676 for-

447 2716 572 2759 mula
603 2713 734 2759 video
761 2712 1080 2767 Hermannum
1109 2709 1310 2755 libenter
1339 2711 1428 2755 ntiz
1457 2707 1505 2752 in
1523 2706 1729 2752 Dissert.
1756 2703 1814 2748 de
1843 2701 2209 2761 epitritis'Doriis
2239 2707 2396 2745 contra
2411 2697 2698 2747 Boeokhium

446 2799 489 2843 p.
517 2785 590 2831 ¹0.
651 2817 679 2839 „
690 2781 766 2838 At,
794 2784 944 2843 inquit
971 2779 1241 2839 Boeckhius,
1277 2785 1325 2825 et
1351 2780 1452 2840 quis
1481 2773 1607 2825 non?
1637 2774 1785 2824 obstat
1813 2771 1937 2835 quod
1966 2788 2059 2820 non
2086 2769 2239 2820 solum
2266 2764 2432 2818 Plato“
2465 2769 2568 2822 rell.
2621 2770 2698 2819 De

549 2989 597 3034 ί)
638 2987 706 3024 Per
729 2988 919 3023 meliorem
944 2988 1018 3021 eius
1044 2983 1221 3020 idiomatis
1244 2983 1406 3020 notitiam
1435 2983 1565 3019 multae
1593 2981 1869 3018 removebuntur
1899 2980 2103 3017 criticorum
2147 2973 2466 3030 παραδιορθώσεις
2499 2975 2535 3013 in
2563 2978 2698 3025 scriptt.

630 3057 712 3085 vett.
745 3048 828 3094 Pag.
852 3048 933 3083 2²3.
979 3045 1118 3082 moneri
1140 3054 1274 3092 poterat
1305 3044 1350 3080 de
1373 3045 1494 3091 Enrip.
1518 3043 1618 3078 Med·
1640 3055 1690 3079 vs.
1717 3053 1772 3078 ια.
1819 3039 2029 3081 arsamum
2055 3039 2123 3087 μὲν
2152 3036 2437 3090 warjanoh&
2467 3028 2715 3085 &datisne

627 3106 767 3153 χθόνα,
791 3108 856 3144 ubi,
876 3107 1095 3143 Hermaeum
1120 3117 1260 3154 quoqne
1282 3106 1456 3142 sinceram
1479 3110 1597 3142 censet
1618 3104 1806 3151 vulgatam,
1836 3102 1900 3140 aed
1918 3098 2047 3149 χθόνα
2070 3100 2227 3147 positam
2248 3096 2334 3136 dicit
2353 3108 2420 3147 pro
2438 3090 2566 3147 χθονῖ»
2598 3095 2696 3145 quod

628 3171 759 3204 sactum
783 3169 926 3202 nonem·
